@article{2016incoherent,
  title     = {A coherent Ising machine for 2000-node optimization problems},
  author    = {Inagaki, Takahiro and Haribara, Yoshitaka and Igarashi, Koji and Sonobe, Tomohiro and Tamate, Shuhei and Honjo, Toshimori and Marandi, Alireza and McMahon, Peter L and Umeki, Takeshi and Enbutsu, Koji and others},
  journal   = {Science},
  volume    = {354},
  number    = {6312},
  pages     = {603--606},
  year      = {2016},
  publisher = {American Association for the Advancement of Science}
}

@article{cook2007overview,
  title   = {An overview of computational complexity},
  author  = {Cook, Stephen A},
  journal = {ACM Turing award lectures},
  pages   = {1982},
  year    = {2007}
}

@article{kirkpatrick1983optimization,
  title={Optimization by simulated annealing},
  author={Kirkpatrick, Scott and Gelatt, C Daniel and Vecchi, Mario P},
  journal={science},
  volume={220},
  number={4598},
  pages={671--680},
  year={1983},
  publisher={American association for the advancement of science}
}

@incollection{haribara2016coherent,
  title={A coherent Ising machine for MAX-CUT problems: performance evaluation against semidefinite programming and simulated annealing},
  author={Haribara, Yoshitaka and Utsunomiya, Shoko and Yamamoto, Yoshihisa},
  booktitle={Principles and Methods of Quantum Information Technologies},
  pages={251--262},
  year={2016},
  publisher={Springer}
}

@article{ben2004computing,
  title={Computing the initial temperature of simulated annealing},
  author={Ben-Ameur, Walid},
  journal={Computational Optimization and Applications},
  volume={29},
  number={3},
  pages={369--385},
  year={2004},
  publisher={Springer}
}

@article{hajek1988cooling,
  title={Cooling schedules for optimal annealing},
  author={Hajek, Bruce},
  journal={Mathematics of operations research},
  volume={13},
  number={2},
  pages={311--329},
  year={1988},
  publisher={INFORMS}
}

@article{johnson2011quantum,
  title={Quantum annealing with manufactured spins},
  author={Johnson, Mark W and Amin, Mohammad HS and Gildert, Suzanne and Lanting, Trevor and Hamze, Firas and Dickson, Neil and Harris, Richard and Berkley, Andrew J and Johansson, Jan and Bunyk, Paul and others},
  journal={Nature},
  volume={473},
  number={7346},
  pages={194--198},
  year={2011},
  publisher={Nature Publishing Group}
}

@article{zhou2019traveling,
  title={Traveling-salesman-problem algorithm based on simulated annealing and gene-expression programming},
  author={Zhou, Ai-Hua and Zhu, Li-Peng and Hu, Bin and Deng, Song and Song, Yan and Qiu, Hongbin and Pan, Sen},
  journal={Information},
  volume={10},
  number={1},
  pages={7},
  year={2019},
  publisher={Multidisciplinary Digital Publishing Institute}
}

@inproceedings{mavroidis2007hardware,
  title={Hardware implementation of 2-opt local search algorithm for the traveling salesman problem},
  author={Mavroidis, Ioannis and Papaefstathiou, Ioannis and Pnevmatikatos, Dionisios},
  booktitle={18th IEEE/IFIP International Workshop on Rapid System Prototyping (RSP'07)},
  pages={41--47},
  year={2007},
  organization={IEEE}
}

@book{chibante2010simulated,
  title={Simulated annealing: theory with applications},
  author={Chibante, Rui},
  year={2010},
  publisher={BoD--Books on Demand}
}

@article{das2008colloquium,
  title={Colloquium: Quantum annealing and analog quantum computation},
  author={Das, Arnab and Chakrabarti, Bikas K},
  journal={Reviews of Modern Physics},
  volume={80},
  number={3},
  pages={1061},
  year={2008},
  publisher={APS}
}

@article{kato1950adiabatic,
  title={On the adiabatic theorem of quantum mechanics},
  author={Kato, Tosio},
  journal={Journal of the Physical Society of Japan},
  volume={5},
  number={6},
  pages={435--439},
  year={1950},
  publisher={The Physical Society of Japan}
}

@article{kadowaki1998quantum,
  title={Quantum annealing in the transverse Ising model},
  author={Kadowaki, Tadashi and Nishimori, Hidetoshi},
  journal={Physical Review E},
  volume={58},
  number={5},
  pages={5355},
  year={1998},
  publisher={APS}
}

@article{martovnak2004quantum,
  title={Quantum annealing of the traveling-salesman problem},
  author={Marto{\v{n}}{\'a}k, Roman and Santoro, Giuseppe E and Tosatti, Erio},
  journal={Physical Review E},
  volume={70},
  number={5},
  pages={057701},
  year={2004},
  publisher={APS}
}

@article{ceperley1986quantum,
  title={Quantum monte carlo},
  author={Ceperley, David and Alder, Berni},
  journal={Science},
  volume={231},
  number={4738},
  pages={555--560},
  year={1986},
  publisher={American Association for the Advancement of Science}
}

@article{elliott1970ising,
  title={Ising model with a transverse field},
  author={Elliott, RJ and Pfeuty, P and Wood, C},
  journal={Physical Review Letters},
  volume={25},
  number={7},
  pages={443},
  year={1970},
  publisher={APS}
}

@article{westbroek2018user,
  title={User's guide to Monte Carlo methods for evaluating path integrals},
  author={Westbroek, Marise JE and King, Peter R and Vvedensky, Dimitri D and D{\"u}rr, Stephan},
  journal={American Journal of Physics},
  volume={86},
  number={4},
  pages={293--304},
  year={2018},
  publisher={American Association of Physics Teachers}
}

@article{johnson1989optimization,
  title={Optimization by simulated annealing: An experimental evaluation; part I, graph partitioning},
  author={Johnson, David S and Aragon, Cecilia R and McGeoch, Lyle A and Schevon, Catherine},
  journal={Operations research},
  volume={37},
  number={6},
  pages={865--892},
  year={1989},
  publisher={INFORMS}
}

@article{johnson1991optimization,
  title={Optimization by simulated annealing: an experimental evaluation; part II, graph coloring and number partitioning},
  author={Johnson, David S and Aragon, Cecilia R and McGeoch, Lyle A and Schevon, Catherine},
  journal={Operations research},
  volume={39},
  number={3},
  pages={378--406},
  year={1991},
  publisher={INFORMS}
}

@inproceedings{crosson2016simulated,
  title={Simulated quantum annealing can be exponentially faster than classical simulated annealing},
  author={Crosson, Elizabeth and Harrow, Aram W},
  booktitle={2016 IEEE 57th Annual Symposium on Foundations of Computer Science (FOCS)},
  pages={714--723},
  year={2016},
  organization={IEEE}
}